@article{hernandez2019linguistic,
  title={Linguistic laws in speech: the case of Catalan and Spanish},
  author={Hern{\'a}ndez-Fern{\'a}ndez, Antoni and G. Torre, Iv{\'a}n and Garrido, Juan-Mar{\'\i}a and Lacasa, Lucas},
  journal={Entropy},
  volume={21},
  number={12},
  pages={1153},
  year={2019},
  publisher={MDPI}
}

@article{torre2019physical,
  title={On the physical origin of linguistic laws and lognormality in speech},
  author={Torre, Iv{\'a}n G and Luque, Bartolo and Lacasa, Lucas and Kello, Christopher T and Hern{\'a}ndez-Fern{\'a}ndez, Antoni},
  journal={Royal Society open science},
  volume={6},
  number={8},
  pages={191023},
  year={2019},
  publisher={The Royal Society}
}

@article{petrini2023direct,
  title={Direct and indirect evidence of compression of word lengths. Zipf's law of abbreviation revisited},
  author={Petrini, Sonia and Casas-i-Mu{\~n}oz, Antoni and Cluet-i-Martinell, Jordi and Wang, Mengxue and Bentz, Chris and Ferrer-i-Cancho, Ramon},
  journal={arXiv preprint arXiv:2303.10128},
  year={2023}
}

@article{petrini2022optimality,
  title={The optimality of word lengths. Theoretical foundations and an empirical study},
  author={Petrini, Sonia and Casas-i-Mu{\~n}oz, Antoni and Cluet-i-Martinell, Jordi and Wang, Mengxue and Bentz, Christian and Ferrer-i-Cancho, Ramon},
  journal={arXiv preprint arXiv:2208.10384},
  year={2022}
}

@misc{JRMeyer, title={Jrmeyer/common-voice-forced-alignments: Forced alignments for common voice}, url={https://github.com/JRMeyer/common-voice-forced-alignments}, journal={GitHub}, author={JRMeyer}} 

@misc{UniversalDependencies, url={https://universaldependencies.org/}, journal={Universal Dependencies}} 

@misc{IQL-course, title={IQL-course/IQL-research-project-21-22: Research project of the IQL 2021-22 course}, url={https://github.com/IQL-course/IQL-Research-Project-21-22}, journal={GitHub}, author={Petrini, Sonia and Casas-i-Mu{\~n}oz, Antoni and Cluet-i-Martinell, Jordi and Wang, Mengxue and Bentz, Chris and Ferrer-i-Cancho, Ramon},} 

@misc{IQL-code, title={Guillembonet/IQL\_final}, url={https://github.com/Guillembonet/IQL\_final}, journal={GitHub}, author={Guillem Bonet}} 
